<?xml version="1.0" encoding="UTF-8"?><record xmlns="http://www.loc.gov/MARC21/slim" xmlns:cinclude="http://apache.org/cocoon/include/1.0" xmlns:zs="http://www.loc.gov/zing/srw/">
  <leader>00597cz  a2200145n  4500</leader>
  <controlfield tag="001">n  91053141 </controlfield>
  <controlfield tag="003">DLC</controlfield>
  <controlfield tag="005">20120607074738.0</controlfield>
  <controlfield tag="008">910529n| acannaabn          |n aaa      </controlfield>
  <datafield tag="010" ind1=" " ind2=" ">
    <subfield code="a">n  91053141 </subfield>
  </datafield>
  <datafield tag="035" ind1=" " ind2=" ">
    <subfield code="a">(OCoLC)oca03126363</subfield>
  </datafield>
  <datafield tag="040" ind1=" " ind2=" ">
    <subfield code="a">DLC</subfield>
    <subfield code="b">eng</subfield>
    <subfield code="c">DLC</subfield>
    <subfield code="d">ViFGM</subfield>
  </datafield>
  <datafield tag="100" ind1="1" ind2=" ">
    <subfield code="a">Hunting, Robert P.</subfield>
  </datafield>
  <datafield tag="670" ind1=" " ind2=" ">
    <subfield code="a">Early fraction learning, c1991:</subfield>
    <subfield code="b">CIP t.p. (Robert P. Hunting) galley (Institute of Mathematics Education, La Trobe U., Australia)</subfield>
  </datafield>
  <datafield tag="670" ind1=" " ind2=" ">
    <subfield code="a">Young children learning mathematics, 2012:</subfield>
    <subfield code="b">t.p. verso (National Library of Australia Cataloguing-in-Publication entry: Hunting, Robert Paul, 1948- )</subfield>
  </datafield>
</record>